% This file was created with JabRef 2.9.2.
% Encoding: MacRoman

@INBOOK{9471,
  title = {Towards On Demand IT Service Deployment},
  publisher = {Nova Press},
  year = {In Press},
  author = {Jai Dayal and Casey Rathbone and Lizhe Wang and von Laszewski, Gregor},
  booktitle = {Computer Middleware: Theory, Types and Uses},
  organization = {Nova Press},
  owner = {flat},
  timestamp = {2014.03.01}
}

@INPROCEEDINGS{CoGKits,
  author = {Gregor von Laszewski and Ian T. Foster and Jarek Gawor},
  title = {CoG kits: a bridge between commodity distributed computing and high-performance
	grids.},
  booktitle = {Java Grande},
  year = {2000},
  pages = {97-106},
  bdsk-url-1 = {http://dblp.uni-trier.de/db/conf/java/java2000.html#LaszewskiFG00},
  biburl = {http://www.bibsonomy.org/bibtex/28c40d9642bc4974a3ffdd7b2ebf36573/dblp},
  date = {2002-12-17},
  description = {dblp},
  ee = {http://doi.acm.org/10.1145/337449.337491},
  keywords = {dblp},
  owner = {flat},
  timestamp = {2014.03.01},
  url = {http://dblp.uni-trier.de/db/conf/java/java2000.html#LaszewskiFG00}
}

@ARTICLE{CoGKit,
  author = {Gregor von Laszewski and Ian T. Foster and Jarek Gawor and Peter
	Lane},
  title = {A Java commodity grid kit.},
  journal = {Concurrency and Computation: Practice and Experience},
  year = {2001},
  volume = {13},
  pages = {645-662},
  number = {8-9},
  bdsk-url-1 = {http://dblp.uni-trier.de/db/journals/concurrency/concurrency13.html#LaszewskiFGL01},
  biburl = {http://www.bibsonomy.org/bibtex/22baf83d0c4b1cb6b54d43ab521295368/dblp},
  date = {2002-02-28},
  description = {dblp},
  keywords = {dblp},
  owner = {flat},
  timestamp = {2014.03.01},
  url = {http://dblp.uni-trier.de/db/journals/concurrency/concurrency13.html#LaszewskiFGL01}
}

@ARTICLE{FeaturesJavaCommodityGridKit,
  author = {Gregor von Laszewski and Jarek Gawor and Peter Lane and Nell Rehn
	and Michael Russell},
  title = {Features of the Java Commodity Grid Kit},
  journal = {Concurrency and Computation: Practice and Experience},
  year = {2002},
  volume = {14},
  pages = {1045-1055},
  number = {13-15},
  bdsk-url-1 = {http://dblp.uni-trier.de/db/journals/concurrency/concurrency14.html#LaszewskiGLRR02},
  biburl = {http://www.bibsonomy.org/bibtex/29aed6b1f756a96bc3a133b03537532af/dblp},
  date = {2003-08-28},
  description = {dblp},
  keywords = {dblp},
  owner = {flat},
  timestamp = {2014.03.01},
  url = {http://dblp.uni-trier.de/db/journals/concurrency/concurrency14.html#LaszewskiGLRR02}
}

@ARTICLE{CyberaideJavaScript,
  author = {Gregor von Laszewski and Fugang Wang and Andrew Younge and Xi He
	and Zhenhua Guo and Marlon Pierce},
  title = {Cyberaide JavaScript: A JavaScript Commodity Grid Kit},
  year = {2008},
  pages = {1-10},
  bdsk-url-1 = {http://cyberaide.googlecode.com/svn/trunk/papers/08-javascript/vonLaszewski-08-javascript.pdf},
  date = {2008-11-12},
  owner = {flat},
  timestamp = {2014.03.01},
  url = {http://cyberaide.googlecode.com/svn/trunk/papers/08-javascript/vonLaszewski-08-javascript.pdf}
}

@TECHREPORT{vonLaszewski2009pas,
  author = {Gregor von Laszewski and Lizhe Wang and Andrew Younge and Xi He},
  title = {Power-Aware Scheduling of Virtual Machines in DVFS-enabled Clusters},
  institution = {Rochester Institute of Technology},
  year = {2009},
  owner = {ajy4490},
  timestamp = {2009.05.22}
}

@ARTICLE{CyberaideShell,
  author = {Gregor von Laszewski and Andrew Younge and Xi He and Fugang Wang},
  title = {Cyberaide Shell: Interactive Task Management for Grids and Cyberinfrastructure},
  note = {\url{http://cyberaide.googlecode.com/svn/trunk/papers/08-gridshell/vonLaszewski-08-gridshell.pdf}},
  key = {CyberaideShell},
  owner = {flat},
  publisher = {Rochester Institute Of Technology, 102 Lomb Memorial Drive Rochester,
	NY 14623; Service Oriented Cyberinfrastruture Laboratory},
  timestamp = {2014.03.01}
}

@ARTICLE{CyberaideCreative,
  author = {Casey Rathbone and Lizhe Wang and Gregor von Laszewski},
  title = {Cyberaide Creative: Provision Grid Infrastructures in Clouds},
  key = {CyberaideCreative},
  owner = {flat},
  publisher = {Rochester Institute Of Technology, 102 Lomb Memorial Drive Rochester,
	NY 14623; Service Oriented Cyberinfrastruture Laboratory},
  timestamp = {2014.03.01}
}

@ARTICLE{journals/ngc09/Wang09,
  author = {Lizhe Wang and Gregor von Laszewski and Jie Tao and Marcel Kunze},
  title = {Cloud computing: a Perspective Study},
  journal = {New Generation Computing},
  year = {2010},
  volume = {38},
  pages = {63-69},
  number = {5},
  owner = {flat},
  timestamp = {2014.03.01}
}

@TECHREPORT{report/g-mapreduce,
  author = {Lizhe Wang and Gregor von Laszewski and Patrick Teghom},
  title = {{Map/Reduce for Production Grid Computing}},
  institution = {Indiana University},
  year = {2010},
  month = {Jan},
  owner = {flat},
  timestamp = {2014.03.01}
}

@INPROCEEDINGS{DBLP:conf/IEEEscc/ZhaoHCFLNRSW07,
  author = {Yong Zhao and Mihael Hategan and Ben Clifford and Ian T. Foster and
	Gregor von Laszewski and Veronika Nefedova and Ioan Raicu and Tiberiu
	Stef-Praun and Michael Wilde},
  title = {Swift: Fast, Reliable, Loosely Coupled Parallel Computation},
  booktitle = {2007 IEEE International Conference on Services Computing},
  year = {2007},
  pages = {199-206},
  owner = {flat},
  timestamp = {2014.03.01}
}

