@inproceedings{schwan2003lustre,
 title={Lustre: Building a file system for 1000-node clusters},
 author={Schwan, Philip},
 booktitle={Proceedings of the 2003 Linux Symposium},
 volume={2003},
 year={2003}
}

@inproceedings{shvachko2010hadoop,
 title={The hadoop distributed file system},
 author={Shvachko, Konstantin and Kuang, Hairong and Radia, Sanjay and Chansler, Robert},
 booktitle={Mass Storage Systems and Technologies (MSST), 2010 IEEE 26th Symposium on},
 pages={1--10},
 year={2010},
 organization={IEEE}
}

@inproceedings{schmuck2002gpfs,
 title={GPFS: A Shared-Disk File System for Large Computing Clusters.},
 author={Schmuck, Frank B and Haskin, Roger L},
 booktitle={FAST},
 volume={2},
 pages={19},
 year={2002}
}

@misc{hbase2014apache,
 title={The Apache Software Foundation},
 author={HBase, Apache},
 year={2014}
}

@article{chang2008bigtable,
 title={Bigtable: A distributed storage system for structured data},
 author={Chang, Fay and Dean, Jeffrey and Ghemawat, Sanjay and Hsieh, Wilson C and Wallach, Deborah A and Burrows, Mike and Chandra, Tushar and Fikes, Andrew and Gruber, Robert E},
 journal={ACM Transactions on Computer Systems (TOCS)},
 volume={26},
 number={2},
 pages={4},
 year={2008},
 publisher={ACM}
}

@book{white2009hadoop,
 title={Hadoop: The Definitive Guide: The Definitive Guide},
 author={White, Tom},
 year={2009},
 publisher={O'Reilly Media}
}

@article {Liu2013ADIOS,
author = {Liu, Qing and Logan, Jeremy and Tian, Yuan and Abbasi, Hasan and Podhorszki, Norbert and Choi, Jong Youl and Klasky, Scott and Tchoua, Roselyne and Lofstead, Jay and Oldfield, Ron and Parashar, Manish and Samatova, Nagiza and Schwan, Karsten and Shoshani, Arie and Wolf, Matthew and Wu, Kesheng and Yu, Weikuan},
title = {Hello ADIOS: the challenges and lessons of developing leadership class I/O frameworks},
journal = {Concurrency and Computation: Practice and Experience},
issn = {1532-0634},
url = {http://dx.doi.org/10.1002/cpe.3125},
doi = {10.1002/cpe.3125},
pages = {n/a--n/a},
keywords = {high performance computing, high performance I/O, I/O middleware},
year = {2013},
}

@inproceedings{Zaharia2010Spark,
author = {Zaharia, Matei and Chowdhury, Mosharaf and Franklin, Michael J. and Shenker, Scott and Stoica, Ion},
title = {Spark: Cluster Computing with Working Sets},
booktitle = {Proceedings of the 2Nd USENIX Conference on Hot Topics in Cloud Computing},
series = {HotCloud'10},
year = {2010},
location = {Boston, MA},
pages = {10--10},
numpages = {1},
url = {http://dl.acm.org/citation.cfm?id=1863103.1863113},
acmid = {1863113},
publisher = {USENIX Association},
address = {Berkeley, CA, USA},
}

@misc{cloudmeshsite, 
author={FutureGrid},
   title = {Cloudmesh  software-defined system Deployment Environment from FutureGrid},
   volume = {2014},
   number = {Feb. 23},
   url = {http://cloudmesh.futuregrid.org/},
   year = {2013},
   type = {Web Page}
}


@inproceedings{jha2014tale,
 author = "Shantenu Jha and Judy Qiu and Andre Luckow and Pradeep Mantha and Geoffrey C. Fox",
 title = "A Tale of Two Data-Intensive Approaches: Applications, Architectures and Infrastructure",
 booktitle = "To be submitted",
 year = 2014, 
 url = "http://grids.ucs.indiana.edu/ptliupages/publications/hpc\_bigdata.pdf"
}

Geoffrey Fox, Judy Qiu, and Shantenu Jha, High Performance High Functionality Big Data Software Stack, in . 2014. Fukuoka, Japan. . 

@InProceedings{fox2014high,
  author = "Geoffrey Fox and Judy Qiu and Shantenu Jha",
  title = "High Performance High Functionality Big Data Software Stack",
  booktitle = {Big Data and Extreme-scale Computing (BDEC)},
  year = 	 {2014},
  address = 	 {Fukuoka, Japan},
  url = {http://grids.ucs.indiana.edu/ptliupages/publications/HPCandApacheBigDataFinal.pdf}
}

@misc{mahouttest,
   author = {Hui Li and Geoffrey Fox and Gregor von Laszewski and Arun Chauhan},
   title = {Co-processing SPMD computation on CPUs and GPUs cluster},
   pages = {1-10},
   month = {23-27 Sept. 2013},

   DOI = {10.1109/CLUSTER.2013.6702632},
   year = {2013},
   type = {Conference Paper}
}

@InProceedings{ekanayake2010twister,
  author = "J. Ekanayake and H. Li and B. Zhang and T. Gunarathne and S. Bae and J. Qiu and G. Fox",
  title = "Twister: {A} {Runtime} for iterative {MapReduce},  conference {June} 20-25",
  year = 2010,
  booktitle = {in {Proceedings} of the {First} {International} {Workshop} on {MapReduce} and its {Applications} of {ACM} {HPDC} 2010},
  pages = 	 {20-25},
  organization = {},
  publisher = {ACM},
  address = {Chicago, Illinois}
}

@InProceedings{gunarathne2014towards,
 author = "Thilina Gunarathne and Judy Qiu and Dennis Gannon",
 title = "Towards a Collective Layer in the Big Data Stack",
 year = 2014, 
 url = "http://grids.ucs.indiana.edu/ptliupages/publications/CCGRID2014\_Towards\_a\_Collective\_Layer\_in\_the\_Big\_Data\_Stack.pdf",
  booktitle = {CCGrid Conference 2014},
  month = 	 {November 18},
}

@misc{yangmds,
   author = {Yang Ruan and Geoffrey Fox},
   title = {A Robust and Scalable Solution for Interpolative Multidimensional Scaling with Weighting},
   month = {October 22-25},
   DOI = {http://dx.doi.org/10.1109/eScience.2013.30},
   year = {2013},
   type = {Conference Paper}
}


@article{foxclustering,
   author = {Geoffrey Fox},
   title = {Robust Scalable Visualized Clustering in Vector and non Vector Semimetric Spaces},
   journal = {Parallel Processing Letters},
   volume = {23},
   number = {2},
   DOI = {http://www.worldscientific.com/doi/abs/10.1142/S0129626413400069},
   url = {http://grids.ucs.indiana.edu/ptliupages/publications/Clusteringv1.pdf},
   year = {2013},
   type = {Journal Article}
}

@article{zhangccpe,
   author = {Bingjing Zhang and Judy Qiu and Stefan Lee and David Crandall},
   title = {Large-Scale Image Classification using High Performance Clustering},
   journal = {Concurr. Comput. : Pract. Exper.},
   volume = {Submitted},
   url = {http://grids.ucs.indiana.edu/ptliupages/publications/Large-Scale_Image_Classification_using_High_Performance_Clustering.pdf},
   year = {2014},
   type = {Journal Article}
}

@misc{gaosc,
   author = {Xiaoming Gao and Judy Qiu},
   title = {Supporting End-to-End Social Media Data Analysis with the IndexedHBase Platform},
   month = {November 17},
   url = {http://grids.ucs.indiana.edu/ptliupages/publications/mtags_v7.pdf},
   year = {2013},
   type = {Conference Paper}
}