% This file was created with JabRef 2.6.
% Encoding: ISO8859_1

@ARTICLE{cumulus,
  author = {John Bresnahan and Kate Keahey and Tim Freeman and David LaBissoniere},
  title = {Cumulus: Open Source Storage Cloud for Science},
  journal = {SC10 Poster},
  year = {2010}
}

@ARTICLE{bigtable,
  author = {Fay Chang and Jeffrey Dean and Sanjay Ghemawat and Wilson C. Hsieh
	and Deborah A. Wallach and Mike Burrows and Tushar Chandra and Andrew
	Fikes and Robert E. Gruber },
  title = {Bigtable: A Distributed Storage System for Structured Data},
  journal = {7th Symp. on Operating System Design and Implementation (OSDI'06)},
  year = {2006}
}

@ARTICLE{azurepaper,
  author = {David Chappell},
  title = {Introducing the Windows Azure Platform},
  journal = {David Chappell \& Associates White Paper},
  year = {2010}
}

@ARTICLE{azurepaper1,
  author = {David Chappell},
  title = {Introducing Windows Azure},
  journal = {David Chappell \& Associates White Paper},
  year = {2010}
}

@ARTICLE{gfs,
  author = {Sanjay Ghemawat and Howard Gobioff and Shun-Tak Leung},
  title = {The Google File System},
  journal = {19th ACM Symp. on Operating Systems Principles (SOSPâ€™03)},
  year = {2003}
}

@ARTICLE{virtualwork,
  author = {Kate Keahey and Ian Foster and Tim Freeman and Xuehai Zhang},
  title = {Virtual Workspaces: Achieving Quality of Service and Quality of Life
	in the Grid},
  journal = {Scientific Programming Journal},
  year = {2005},
  volume = {13},
  pages = {265-276},
  number = {4}
}


@ARTICLE{llorentecloud,
  author = {Ignacio Martin Llorente and Rafael Moreno-Vozmediano and Ruben Santiago
	Montero},
  title = {Cloud computing for on-demand grid resource provisioning},
  journal = {Advances in Parallel Computing},
  year = {2009},
  volume = {18},
  pages = {177-191},
  number = {5}
}

@ARTICLE{eucapaper,
  author = {Daniel Nurmi and Rich Wolski and Chris Grzegorczyk and Graziano Obertelli
	and Sunil Soman and Lamia Youseff and Dmitrii Zagorodnov},
  title = {The Eucalyptus Open-source Cloud-computing System},
  journal = {9th IEEE/ACM Int. Symp. on Cluster, Cloud and Grid Computing},
  year = {2009},
  pages = {124 - 131}
}

@ARTICLE{opennebulapaper,
  author = {Borja Sotomayor and Ruben Santiago Montero and Ignacio Martin Llorente
	and Ian Foster},
  title = {Virtual Infrastructure Management in Private and Hybrid Clouds},
  journal = {IEEE Internet Computing},
  year = {2009},
  volume = {13},
  pages = {14-22},
  number = {5}
}

@ARTICLE{dynamo,
  author = {Giuseppe DeCandia and Deniz Hastorun and Madan Jampani and Gunavardhan Kakulapati and Avinash Lakshman and Alex Pilchin and Swami Sivasubramanian and Peter Vosshall and Werner Vogels},
  title = {Dynamo: Amazon's Highly Available Key-Value Store},
  journal = {Proc. of the 21st ACM Symp. on Operating Systems Principles},
  year = {2007}
}

@ARTICLE{nfs,
  author = {Russel Sandberg and  David Goldberg and  Steve Kleiman and  Dan Walsh and Bob Lyon },
  title = {Design and Implementation or the Sun Network Filesystem},
  journal = {Proc. of the Summer 1985 USENIX Conference},
  pages = {119-130},
  year = {1985}
}

@ARTICLE{afs,
  author = {John H. Howard and  Michael L. Kazar and  Sherri G. Menees and  A. Nichols and  M. Satyanarayanan and  Robert N. Sidebotham and  Michael J. West},
  title = {Scale and Performance in a Distributed File System},
  journal = {ACM Transactions on Computer Systems },
  year = {1988},
  volume = {6},
  pages = {51-81},
  number = {1}
}

@ARTICLE{pvfs,
  author = {Walt Ligon and Robert Ross},
  title = {Implementation and Performance of a Parallel File System for High Performance Distributed Applications},
  journal = {Proc. of the 5th IEEE Int. Symp. on High Performance Distributed Computing},
  year = {1996}
}

@MISC{www-abiquo,
  howpublished = {Webpage},
  title = {{Abiquo}},
  url = {http://www.abiquo.com/}
}

@MISC{www-amazons3,
  howpublished = {Webpage},
  title = {{Amazon Web Services S3 REST API}},
  url={http://awsdocs.s3.amazonaws.com/S3/latest/s3-api.pdf}
}

@MISC{www-aws,
  howpublished = {Webpage},
  title = {{Amazon Web Services}},
  url={http://aws.amazon.com/}
}

@MISC{www-azure,
  howpublished = {Webpage},
  title = {{Microsoft Azure}},
  url={http://www.microsoft.com/windowsazure/}
}

@MISC{www-dryad,
  howpublished = {Webpage},
  title = {{Microsoft Dryad}},
  url={http://research.microsoft.com/en-us/projects/dryad/}
}

@MISC{www-euca,
  howpublished = {Webpage},
  title = {{Open Source Eucalyptus}},
  url={http://open.eucalyptus.com/}
}

@MISC{www-fgportal,
  howpublished = {Webpage},
  title = {{FutureGrid Portal}},
  url={http://portal.futuregrid.org}
}

@MISC{www-genesis,
  howpublished = {Webpage},
  title = {{Genesis {II} Project}},
  url= {http://www.cs.virginia.edu/~vcgr/wiki//index.php/The_Genesis_II_Project}
}

@MISC{www-hadoop,
  howpublished = {Webpage},
  title = {{Apache Hadoop!}},
  url={http://hadoop.apache.org/}
}

@MISC{www-hbase,
  howpublished = {Webpage},
  title = {{Hbase}},
  url={http://hbase.apache.org/}
}

@MISC{www-hdfs,
  howpublished = {Webpage},
  title = {{Hadoop Distributed File System}},
  url={http://hadoop.apache.org/hdfs/}
}

@MISC{www-lustre,
  howpublished = {Webpage},
  title = {{LUSTRE }},
  url={http://www.lustre.org/}
}

@MISC{www-mongodb,
  howpublished = {Webpage},
  title = {{MongoDB}},
  url={http://www.mongodb.org/}
}


@MISC{www-nimbusweb,
  howpublished = {Webpage},
  title = {{Nimbus Project}},
  url={http://www.nimbusproject.org}
}

@MISC{www-nosqlweb,
  howpublished = {Webpage},
  title = {{NoSQL Databases}},
  url={http://nosql-database.org/}
}

@MISC{www-opennebula,
  howpublished = {Webpage},
  title = {{OpenNebula}},
  url={http://opennebula.org/}
}

@MISC{www-openstack,
  howpublished = {Webpage},
  title = {{OpenStack}},
  url={http://openstack.org/}
}

@MISC{www-pvfs2web,
  howpublished = {Webpage},
  title = {{PVFS}},
  url={http://www.pvfs.org/}
}

@MISC{www-riak,
  howpublished = {Webpage},
  title = {{Basho Riak}},
  url={http://www.basho.com/Riak.html}
}


@MISC{www-unicoreweb,
  howpublished = {Webpage},
  title = {{UNICORE}},
  url={http://www.unicore.eu/}
}

@MISC{www-xcat,
  howpublished = {Webpage},
  title = {{xCAT Extreme Cloud Administration Toolkit}},
  url={http://xcat.sourceforge.net/}
}

@MISC{www-bson,
  howpublished = {Webpage},
  title = {{BSON - Binary JSON}},
  url={http://bsonspec.org/}
}

@MISC{www-couchdb,
  howpublished = {Webpage},
  title = {{Apache CouchDB Project}},
  url={http://couchdb.apache.org/index.html}
}


@MISC{www-boto,
  howpublished = {Webpage},
  title = {{Boto: python interface to Amazon Web Services}},
  url={http://code.google.com/p/boto/}
}

@MISC{www-cloudfiles,
  howpublished = {Webpage},
  title = {{Rackspace interface for Swift}},
  url={https://github.com/rackspace/python-cloudfiles}
}

@MISC{www-pymongo,
  howpublished = {Webpage},
  title = {{MongoDB python API}},
  url={http://api.mongodb.org/python/}
}

@MISC{www-pymysql,
  howpublished = {Webpage},
  title = {{Pymysql: Pure Python MySQL client}},
  url={http://code.google.com/p/pymysql/}
}