% This file was created with JabRef 2.9.2.
% Encoding: MacRoman

@MISC{matplotlib,
  OPTok={yes},
  title = {{Matplotlib}},
  key = {Matplotlib},
  howpublished = {Web Page},
  timestamp = {2014.02.20},
  url = {http://matplotlib.org/}
}

@MISC{ipython,
  OPTok={yes},
  title = {{IPython}},
  key = {IPython},
  howpublished = {Web Page},
  timestamp = {2014.02.20},
  url = {http://ipython.org/}
}

@MISC{mpi4py,
  OPTok={yes},
  title = {{MPI4py}},
  key = {MPI4py},
  howpublished = {Web Page},
  timestamp = {2014.02.20},
  url = {http://mpi4py.scipy.org}
}

@MISC{numpy,
  OPTok={yes},
  title = {{Numpy}},
  key = {Numpy},
  howpublished = {Web Page},
  timestamp = {2014.02.20},
  url = {http://www.numpy.org/}
}

@MISC{scipy,
  title = {{SciPy}},
  key = {SciPy},
  howpublished = {Web Page},
  timestamp = {2014.02.20},
  url = {http://www.scipy.org}
}

