% This file was created with JabRef 2.9.2.
% Encoding: MacRoman

@INPROCEEDINGS{Gao2013IndexedHBase,
  author = {Gao, Xiaoming and Qiu, Judy},
  title = {Social Media Data Analysis with IndexedHBase and Iterative MapReduce},
  booktitle = {Proc. of Workshop on Many-Task Computing on Clouds, Grids, and Supercomputers
	(MTAGS)},
  year = {2013}
}

@INPROCEEDINGS{stonebraker2011architecture,
  author = {Stonebraker, Michael and Brown, Paul and Poliakov, Alex and Raman,
	Suchi},
  title = {The architecture of SciDB},
  booktitle = {Scientific and Statistical Database Management},
  year = {2011},
  pages = {1--16},
  organization = {Springer}
}

@MISC{harpproj,
author = {Qiu, Judy},
  title = {Harp Project},
  howpublished = {Web Page},
  url = {http://salsaproj.indiana.edu/harp/}
}

