% This file was created with JabRef 2.9.2.
% Encoding: MacRoman

